@inproceedings{teuben_adassxxiii,
	author		= "{Teuben}, P. and {Pound}, M. and {Mundy}, L. and {Loney}, L. and {Friedel}, D.",
	booktitle	= "ADASS XXIII",
	year		= 2013,
	editor		= "Manset, N. and Forshay, P.",
	volume		= "TBD",
	series		= "ASP Conf. Ser.",
	pages		= "TBD",
	publisher	= "ASP",
	address		="San Francisco",
}